%% This BibTeX bibliography file was created using BibDesk.
%% http://bibdesk.sourceforge.net/


%% Created for Tristan Pryer at 2018-05-12 09:59:21 +0100 


%% Saved with string encoding Unicode (UTF-8) 



@article{LakkisPryer:2013,
	Author = {Lakkis, Omar and Pryer, Tristan},
	Date-Added = {2018-05-12 07:27:15 +0000},
	Date-Modified = {2018-05-12 07:28:08 +0000},
	Journal = {SIAM Journal on Scientific Computing},
	Number = {4},
	Pages = {A2025--A2045},
	Publisher = {SIAM},
	Title = {A finite element method for nonlinear elliptic problems},
	Volume = {35},
	Year = {2013}}

@article{LakkisPryer:2011,
	Author = {Lakkis, Omar and Pryer, Tristan},
	Date-Added = {2018-05-12 07:27:15 +0000},
	Date-Modified = {2018-05-12 07:28:08 +0000},
	Journal = {SIAM Journal on Scientific Computing},
	Number = {2},
	Pages = {786--801},
	Publisher = {SIAM},
	Title = {A finite element method for second order nonvariational elliptic problems},
	Volume = {33},
	Year = {2011}}

@article{GiesselmannMakridakisPryer:2014,
	Author = {Giesselmann, Jan and Makridakis, Charalambos and Pryer, Tristan},
	Date-Added = {2018-05-12 07:27:15 +0000},
	Date-Modified = {2018-05-12 07:28:13 +0000},
	Journal = {Mathematics of Computation},
	Number = {289},
	Pages = {2071--2099},
	Title = {Energy consistent discontinuous Galerkin methods for the Navier--Stokes--Korteweg system},
	Volume = {83},
	Year = {2014}}

@article{GiesselmannMakridakisPryer:2015,
	Author = {Giesselmann, Jan and Makridakis, Charalambos and Pryer, Tristan},
	Date-Added = {2018-05-12 07:27:15 +0000},
	Date-Modified = {2018-05-12 07:28:13 +0000},
	Journal = {SIAM Journal on Numerical Analysis},
	Number = {3},
	Pages = {1280--1303},
	Publisher = {SIAM},
	Title = {A posteriori analysis of discontinuous Galerkin schemes for systems of hyperbolic conservation laws},
	Volume = {53},
	Year = {2015}}

@article{LakkisPryer:2011a,
	Author = {Lakkis, Omar and Pryer, Tristan},
	Date-Added = {2018-05-12 07:27:15 +0000},
	Date-Modified = {2018-05-12 07:30:50 +0000},
	Journal = {IMA Journal of Numerical Analysis},
	Number = {1},
	Pages = {246--278},
	Publisher = {Oxford University Press},
	Title = {Gradient recovery in adaptive finite-element methods for parabolic problems},
	Volume = {32},
	Year = {2011}}

@article{KatzourakisPryer:2018b,
	Author = {Katzourakis, N and Pryer, T},
	Date-Added = {2018-05-12 07:27:15 +0000},
	Date-Modified = {2018-05-12 07:33:06 +0000},
	Journal = {Advances in Calculus of Variations},
	Title = {Second order $L^\infty$ variational problems and the $\infty$-Polylaplacian},
	Year = {2018}}

@article{GiesselmannPryer:2015a,
	Author = {Giesselmann, Jan and Pryer, Tristan},
	Date-Added = {2018-05-12 07:27:15 +0000},
	Date-Modified = {2018-05-12 07:28:45 +0000},
	Journal = {ESAIM: Mathematical Modelling and Numerical Analysis},
	Number = {1},
	Pages = {275--301},
	Publisher = {EDP Sciences},
	Title = {Energy consistent discontinuous Galerkin methods for a quasi-incompressible diffuse two phase flow model},
	Volume = {49},
	Year = {2015}}

@article{Pryer:2014,
	Author = {Pryer, Tristan},
	Date-Added = {2018-05-12 07:27:15 +0000},
	Date-Modified = {2018-05-12 07:28:05 +0000},
	Journal = {Electronic Transactions on Numerical Analysis},
	Pages = {328--349},
	Publisher = {Kent State University},
	Title = {Discontinuous Galerkin methods for the p-biharmonic equation from a discrete variational perspective},
	Volume = {41},
	Year = {2014}}

@article{CangianiGeorgoulisPryerSutton:2017,
	Author = {Cangiani, Andrea and Georgoulis, Emmanuil H and Pryer, Tristan and Sutton, Oliver J},
	Date-Added = {2018-05-12 07:27:15 +0000},
	Date-Modified = {2018-05-12 07:28:15 +0000},
	Journal = {Numerische mathematik},
	Number = {4},
	Pages = {857--893},
	Publisher = {Springer Berlin Heidelberg},
	Title = {A posteriori error estimates for the virtual element method},
	Volume = {137},
	Year = {2017}}

@incollection{LakkisPryer:2015,
	Author = {Lakkis, Omar and Pryer, Tristan},
	Booktitle = {Numerical Mathematics and Advanced Applications-ENUMATH 2013},
	Date-Added = {2018-05-12 07:27:15 +0000},
	Date-Modified = {2018-05-12 07:28:07 +0000},
	Pages = {283--291},
	Publisher = {Springer, Cham},
	Title = {An adaptive finite element method for the infinity Laplacian},
	Year = {2015}}

@phdthesis{Pryer:2010,
	Author = {Pryer, Tristan Martin},
	Date-Added = {2018-05-12 07:27:15 +0000},
	Date-Modified = {2018-05-12 07:28:06 +0000},
	School = {University of Sussex},
	Title = {Recovery methods for evolution and nonlinear problems},
	Year = {2010}}

@article{DednerPryer:2013,
	Author = {Dedner, Andreas and Pryer, Tristan},
	Date-Added = {2018-05-12 07:27:15 +0000},
	Date-Modified = {2018-05-12 07:28:14 +0000},
	Journal = {arXiv preprint arXiv:1304.2265},
	Title = {Discontinuous Galerkin methods for nonvariational problems},
	Year = {2013}}

@article{Pryer:2018,
	Author = {Pryer, Tristan},
	Date-Added = {2018-05-12 07:27:15 +0000},
	Date-Modified = {2018-05-12 07:31:10 +0000},
	Journal = {To appear in the Proceedings of the Royal Society of Edinburgh Section A: Mathematical and Physical Sciences},
	Title = {On the finite element approximation of Infinity-Harmonic functions},
	Year = {2018}}

@article{GiesselmannPryer:2016,
	Author = {Giesselmann, Jan and Pryer, Tristan},
	Date-Added = {2018-05-12 07:27:15 +0000},
	Date-Modified = {2018-05-12 07:28:12 +0000},
	Journal = {BIT Numerical Mathematics},
	Number = {1},
	Pages = {99--127},
	Publisher = {Springer Netherlands},
	Title = {Reduced relative entropy techniques for a priori analysis of multiphase problems in elastodynamics},
	Volume = {56},
	Year = {2016}}

@article{LakkisMakridakisPryer:2015,
	Author = {Lakkis, Omar and Makridakis, Charalambos and Pryer, Tristan},
	Date-Added = {2018-05-12 07:27:15 +0000},
	Date-Modified = {2018-05-12 07:53:27 +0000},
	Journal = {Mathematics of Computation},
	Number = {294},
	Pages = {1537--1569},
	Title = {A comparison of duality and energy a posteriori estimates for $L_\infty(0, T; L_2(\Omega))$ in parabolic problems},
	Volume = {84},
	Year = {2015}}

@article{MansfieldPryer:2017,
	Author = {Mansfield, Elizabeth L and Pryer, Tristan},
	Date-Added = {2018-05-12 07:27:15 +0000},
	Date-Modified = {2018-05-12 07:28:06 +0000},
	Journal = {Foundations of Computational Mathematics},
	Number = {3},
	Pages = {729--762},
	Publisher = {Springer US},
	Title = {Noether-Type Discrete Conserved Quantities Arising from a Finite Element Approximation of a Variational Problem},
	Volume = {17},
	Year = {2017}}

@incollection{Pryer:2013,
	Author = {Pryer, Tristan},
	Booktitle = {Numerical Mathematics and Advanced Applications 2011},
	Date-Added = {2018-05-12 07:27:15 +0000},
	Date-Modified = {2018-05-12 07:28:06 +0000},
	Pages = {441--448},
	Publisher = {Springer, Berlin, Heidelberg},
	Title = {Applications of Nonvariational Finite Element Methods to Monge--Ampere Type Equations},
	Year = {2013}}

@article{GiesselmannPryer:2015,
	Author = {Giesselmann, Jan and Pryer, Tristan},
	Date-Added = {2018-05-12 07:27:15 +0000},
	Date-Modified = {2018-05-12 07:28:12 +0000},
	Journal = {IMA Journal of Numerical Analysis},
	Number = {4},
	Pages = {1685--1714},
	Publisher = {Oxford University Press},
	Title = {Reduced relative entropy techniques for a posteriori analysis of multiphase problems in elastodynamics},
	Volume = {36},
	Year = {2015}}

@incollection{GiesselmannPryer:2014,
	Author = {Giesselmann, Jan and Pryer, Tristan},
	Booktitle = {Finite Volumes for Complex Applications VII-Methods and Theoretical Aspects},
	Date-Added = {2018-05-12 07:27:15 +0000},
	Date-Modified = {2018-05-12 07:28:13 +0000},
	Pages = {313--321},
	Publisher = {Springer, Cham},
	Title = {On aposteriori error analysis of dg schemes approximating hyperbolic conservation laws},
	Year = {2014}}

@article{Pryer:2015,
	Author = {Pryer, Tristan},
	Date-Added = {2018-05-12 07:27:15 +0000},
	Date-Modified = {2018-05-12 07:28:05 +0000},
	Journal = {arXiv preprint arXiv:1505.04318},
	Title = {An a posteriori analysis of some inconsistent, nonconforming Galerkin methods approximating elliptic problems},
	Year = {2015}}

@article{BrownePrettymanWellerPryerothers:2016,
	Author = {Browne, PA and Prettyman, J and Weller, H and Pryer, T and others},
	Date-Added = {2018-05-12 07:27:15 +0000},
	Date-Modified = {2018-05-12 07:28:15 +0000},
	Journal = {arXiv preprint arXiv:1609.09646},
	Title = {Nonlinear solution techniques for solving a Monge-Amp$\backslash$ere equation for redistribution of a mesh},
	Year = {2016}}

@article{KesiciPelloniPryerSmith:2018,
	Author = {Kesici, Emine and Pelloni, Beatrice and Pryer, Tristan and Smith, David},
	Date-Added = {2018-05-12 07:27:15 +0000},
	Date-Modified = {2018-05-12 07:28:08 +0000},
	Journal = {European Journal of Applied Mathematics},
	Number = {3},
	Pages = {543--567},
	Publisher = {Cambridge University Press},
	Title = {A numerical implementation of the unified Fokas transform for evolution problems on a finite interval},
	Volume = {29},
	Year = {2018}}

@article{BarreiraPryerTang:2008,
	Author = {Barreira, R and Pryer, T and Tang, Q},
	Date-Added = {2018-05-12 07:27:15 +0000},
	Date-Modified = {2018-05-12 07:28:15 +0000},
	Journal = {WIT Transactions on Information and Communication Technologies},
	Pages = {207--216},
	Publisher = {WIT Press},
	Title = {Numerical modelling of operational risks for the banking industry},
	Volume = {41},
	Year = {2008}}

@article{BarreiraPryerTang:2009,
	Author = {Barreira, Raquel and Pryer, Tristan and Tang, Qi},
	Date-Added = {2018-05-12 07:27:15 +0000},
	Date-Modified = {2018-05-12 07:28:15 +0000},
	Title = {A practical approach to model banking risks using Loss Distribution Approach (LDA) in Basel II framework},
	Year = {2009}}

@article{KatzourakisPryer:2016,
	Author = {Katzourakis, Nikos and Pryer, Tristan},
	Date-Added = {2018-05-12 07:27:15 +0000},
	Date-Modified = {2018-05-12 07:53:48 +0000},
	Journal = {Nonlinear differential equations and applications},
	Publisher = {Springer},
	Title = {On the numerical approximation of $\infty$-harmonic mappings},
	Year = {2016}}

@article{GeorgoulisPryer:2017,
	Author = {Georgoulis, Emmanuil H and Pryer, Tristan},
	Date-Added = {2018-05-12 07:27:15 +0000},
	Date-Modified = {2018-05-12 07:28:14 +0000},
	Journal = {Calcolo},
	Number = {4},
	Pages = {1533--1551},
	Publisher = {Springer Milan},
	Title = {Analysis of discontinuous Galerkin methods using mesh-dependent norms and applications to problems with rough data},
	Volume = {54},
	Year = {2017}}

@article{GiesselmannPryer:2017a,
	Author = {Giesselmann, Jan and Pryer, Tristan},
	Date-Added = {2018-05-12 07:27:15 +0000},
	Date-Modified = {2018-05-12 07:28:51 +0000},
	Journal = {Mathematical Models and Methods in Applied Sciences},
	Number = {13},
	Pages = {2381--2423},
	Publisher = {World Scientific Publishing Company},
	Title = {A posteriori analysis for dynamic model adaptation in convection-dominated problems},
	Volume = {27},
	Year = {2017}}

@article{GeorgoulisMakridakisPryer:2017,
	Author = {Georgoulis, Emmanuil and Makridakis, Charalambos and Pryer, Tristan},
	Date-Added = {2018-05-12 07:27:15 +0000},
	Date-Modified = {2018-05-12 08:59:21 +0000},
	Journal = {To appear in SIAM Journal of Numerical Analysis},
	Title = {Babu\v ska-Osborn techniques in discontinuous Galerkin methods: $ L^2$-norm error estimates for unstructured meshes},
	Year = {2018}}

@article{GeorgoulisPryer:2018,
	Author = {Georgoulis, Emmanuil H and Pryer, Tristan},
	Date-Added = {2018-05-12 07:27:15 +0000},
	Date-Modified = {2018-05-12 07:28:14 +0000},
	Journal = {Computer Methods in Applied Mechanics and Engineering},
	Publisher = {North-Holland},
	Title = {Recovered finite element methods},
	Year = {2018}}

@inproceedings{GiesselmannPryer:2017,
	Author = {Giesselmann, Jan and Pryer, Tristan},
	Booktitle = {International Conference on Finite Volumes for Complex Applications},
	Date-Added = {2018-05-12 07:27:15 +0000},
	Date-Modified = {2018-05-12 07:28:11 +0000},
	Organization = {Springer, Cham},
	Pages = {457--466},
	Title = {Goal-Oriented Error Analysis of a DG Scheme for a Second Gradient Elastodynamics Model},
	Year = {2017}}

@article{PapamikosPryer:2017,
	Author = {Papamikos, Georgios and Pryer, Tristan},
	Date-Added = {2018-05-12 07:27:15 +0000},
	Date-Modified = {2018-05-12 07:28:06 +0000},
	Journal = {arXiv preprint arXiv:1708.06688},
	Title = {A Symmetry Analysis of the $$\backslash$infty $-Polylaplacian},
	Year = {2017}}

@article{LukyanovPryer:2017,
	Author = {Lukyanov, Alex V and Pryer, Tristan},
	Date-Added = {2018-05-12 07:27:15 +0000},
	Date-Modified = {2018-05-12 07:28:07 +0000},
	Journal = {Langmuir},
	Number = {34},
	Pages = {8582--8590},
	Publisher = {American Chemical Society},
	Title = {Hydrodynamics of moving contact lines: macroscopic versus microscopic},
	Volume = {33},
	Year = {2017}}

@article{JackamanPapamikosPryer:2017,
	Author = {Jackaman, James and Papamikos, Georgios and Pryer, Tristan},
	Date-Added = {2018-05-12 07:27:15 +0000},
	Date-Modified = {2018-05-12 07:28:10 +0000},
	Journal = {arXiv preprint arXiv:1710.03527},
	Title = {The design of conservative finite element discretisations for the vectorial modified KdV equation},
	Year = {2017}}

@article{KaweckiLakkisPryer:,
	Author = {Kawecki, Ellya and Lakkis, Omar and Pryer, Tristan M},
	Date-Added = {2018-05-12 07:27:15 +0000},
	Date-Modified = {2018-05-12 07:28:09 +0000},
	Journal = {Book of Abstracts ENUMATH 2017},
	Pages = {141},
	Title = {Galerkin methods for the Monge--Ampere equation with transport boundary conditions}}

@article{KatzourakisPryer:2018,
	Author = {Katzourakis, Nikos and Pryer, Tristan},
	Date-Added = {2018-05-12 07:27:15 +0000},
	Date-Modified = {2018-05-12 07:28:10 +0000},
	Journal = {Journal of Nonlinear Functional Analysis},
	Publisher = {Mathematical Research Press},
	Title = {A review from the PDE viewpoint of Hamilton-Jacobi-Bellman equations arising in optimal control with vectorial cost},
	Year = {2018}}

@article{MakridakisGiesselmannPryer:2014,
	Author = {Makridakis, Charalambos and Giesselmann, Jan and Pryer, Tristan},
	Date-Added = {2018-05-12 07:27:15 +0000},
	Date-Modified = {2018-05-12 07:28:06 +0000},
	Journal = {Mathematics of Computation},
	Number = {289},
	Pages = {2071--2099},
	Publisher = {American Mathematical Society},
	Title = {Energy consistent discontinuous Galerkin methods for the Navier--Stokes--Korteweg system},
	Volume = {83},
	Year = {2014}}

@article{KatzourakisPryer:2018a,
	Author = {Katzourakis, N and Pryer, T},
	Date-Added = {2018-05-12 07:27:15 +0000},
	Date-Modified = {2018-05-12 07:52:29 +0000},
	Journal = {To appear in Numerical Methods for Partial Differential Equations},
	Title = {On the numerical approximation of $p$ -Biharmonic and $\infty$ -Biharmonic functions},
	Year = {2018}}

@article{DongGeorgoulisPryer:2018,
	Author = {Dong, Zhaonan and Georgoulis, Emmanuil H and Pryer, Tristan},
	Date-Added = {2018-05-12 07:27:15 +0000},
	Date-Modified = {2018-05-12 07:28:14 +0000},
	Journal = {arXiv preprint arXiv:1804.08259},
	Title = {Recovered finite element methods on polygonal and polyhedral meshes},
	Year = {2018}}
